@inproceedings{inproceedings,
author = {Altwassi, Hussien and Qasem, Mamoun and Bani Yassein, Muneer and Al-Dubai, Ahmed},
year = {2015},
month = {10},
pages = {},
title = {Performance Evaluation of RPL Objective Functions},
doi = {10.13140/RG.2.1.1790.2161}
}